@article{fan2012somewhat,
  title={Somewhat Practical Fully Homomorphic Encryption.},
  author={Fan, Junfeng and Vercauteren, Frederik},
  journal={IACR Cryptology ePrint Archive},
  volume={2012},
  year={2012}
}

@inproceedings{benhamouda2017optimization,
  title={Optimization of Bootstrapping in Circuits},
  author={Benhamouda, Fabrice and Lepoint, Tancr{\`e}de and Mathieu, Claire and Zhou, Hang},
  booktitle={Proceedings of the Twenty-Eighth Annual ACM-SIAM Symposium on Discrete Algorithms},
  year={2017},
  organization={SIAM}
}


@inproceedings{carpov2015armadillo,
  title={Armadillo: a compilation chain for privacy preserving applications},
  author={Carpov, Sergiu and Dubrulle, Paul and Sirdey, Renaud},
  booktitle={Proceedings of the 3rd International Workshop on Security in Cloud Computing},
  year={2015},
  organization={ACM}
}

@inproceedings{lepoint2013minimal,
  title={On the minimal number of bootstrappings in homomorphic circuits},
  author={Lepoint, Tancr{\`e}de and Paillier, Pascal},
  booktitle={International Conference on Financial Cryptography and Data Security},
  year={2013},
  organization={Springer}
}



@article{brakerski2014leveled,
  title={({L}eveled) fully homomorphic encryption without bootstrapping},
  author={Brakerski, Zvika and Gentry, Craig and Vaikuntanathan, Vinod},
  journal={ACM Transactions on Computation Theory (TOCT)},
  volume={6},
  number={3},
  year={2014},
  publisher={ACM}
}



@inproceedings{halevi2014algorithms,
  title={Algorithms in helib},
  author={Halevi, Shai and Shoup, Victor},
  booktitle={International Cryptology Conference},
  year={2014},
  organization={Springer}
}



@misc{cryptoeprint:2018:622,
    author = {Sergiu Carpov and Malika Izabachène and Victor Mollimard},
    title = {New techniques for Multi-value input Homomorphic Evaluation and Applications},
    howpublished = {Cryptology ePrint Archive, Report 2018/622},
    year = {2018},
}


@inproceedings{Brakerski:2011:FHE:2033036.2033075,
 author = {Brakerski, Zvika and Vaikuntanathan, Vinod},
 title = {Fully Homomorphic Encryption from ring-LWE and Security for Key Dependent Messages},
 booktitle = {Proceedings of the 31st Annual Conference on Advances in Cryptology},
 series = {CRYPTO'11},
 year = {2011},
 isbn = {978-3-642-22791-2},
 location = {Santa Barbara, CA},
 pages = {505--524},
 numpages = {20},
 acmid = {2033075},
 publisher = {Springer-Verlag},
 address = {Berlin, Heidelberg},
} 

@misc{cryptoeprint:2019:493,
    author = {Anamaria Costache and Kim Laine and Rachel Player},
    title = {{Homomorphic noise growth in practice: comparing BGV and FV}},
    howpublished = {Cryptology ePrint Archive, Report 2019/493},
    year = {2019},
}

@misc{cryptoeprint:2019:520,
    author = {Benjamin M. Case and Colin Gallagher and Shuhong Gao},
    title = {A Note on Sub-Gaussian Random Variables},
    howpublished = {Cryptology ePrint Archive, Report 2019/520},
    year = {2019},
}

 @phdthesis{homenc, author = {Craig Gentry}, title = {A fully homomorphic encryption scheme}, school = {Stanford University}, year = 2009, note = {\url{crypto.stanford.edu/craig}} }
 
 @misc{cryptoeprint:2014:062,
    author = {Tancrède Lepoint and Michael Naehrig},
    title = {A Comparison of the Homomorphic Encryption Schemes FV and YASHE},
    howpublished = {Cryptology ePrint Archive, Report 2014/062},
    year = {2014},
}


@InProceedings{LyubashevskyPR13,
  author       = {Vadim Lyubashevsky and Chris Peikert and Oded Regev},
  title	       = {A Toolkit for Ring-{LWE} Cryptography},
  booktitle    = {EUROCRYPT},
  year	       = 2013,
  note = {\href{https://eprint.iacr.org/2013/293}{IACR:2013/293}},
}

@inproceedings{Regev10,
    author = {Regev, Oded},
    title = {The Learning with Errors Problem},
    booktitle = {Proc. of 25th IEEE Annual Conference on Computational Complexity (CCC)},
    year = {2010},
    pages = {191-204},
}

@misc{cryptoeprint:2016:254,
    author = {Pierrick Méaux and Anthony Journault and François-Xavier Standaert and Claude Carlet},
    title = {{Towards Stream Ciphers for Efficient FHE  with Low-Noise Ciphertexts}},
    howpublished = {Cryptology ePrint Archive, Report 2016/254},
    year = {2016},
    note = {\url{https://eprint.iacr.org/2016/254}},
}

@misc{TFHE,
  Title   = {{TFHE}: Fast Fully Homomorphic Encryption Library},
  Author  = {Ilaria Chillotti and  Nicolas Gama and Mariya Georgieva and Malika Izabach{\`e}ne},
  Note    = {\url{https://tfhe.github.io/tfhe/}},
  Year    = {August 2016}
}

@unpublished{migliore:hal-01394362,
  TITLE = {{Determination and exploration of practical parameters for the latest Somewhat Homomorphic Encryption (SHE) Schemes}},
  AUTHOR = {Migliore, Vincent and Bonnoron, Guillaume and Fontaine, Caroline},
  URL = {https://hal.archives-ouvertes.fr/hal-01394362},
  NOTE = {working paper or preprint},
  YEAR = {2016},
  MONTH = Oct,
  KEYWORDS = {SHE ;  parameter ;  homomorphic},
  PDF = {https://hal.archives-ouvertes.fr/hal-01394362/file/determination-exploration-practical.pdf},
  HAL_ID = {hal-01394362},
  HAL_VERSION = {v3},
}

@misc{cryptoeprint:2016:510,
    author = {Jean-Claude Bajard and Julien Eynard and Anwar Hasan and Vincent Zucca},
    title = {A Full {RNS} Variant of {FV} like Somewhat Homomorphic Encryption Schemes},
    howpublished = {Cryptology ePrint Archive, Report 2016/510},
    year = {2016},
    note = {\url{https://eprint.iacr.org/2016/510}},
}

@misc{cryptoeprint:2014:816,
    author = {Léo Ducas and Daniele Micciancio},
    title = {{FHEW}: Bootstrapping Homomorphic Encryption in less than a second},
    howpublished = {Cryptology ePrint Archive, Report 2014/816},
    year = {2014},
    note = {\url{https://eprint.iacr.org/2014/816}},
}

@misc{Cingulata,
    title = {Cingulata},
    howpublished = {\url{https://github.com/CEA-LIST/Cingulata}},
    year = 2019,
    note = {CEA List},
    key = {CL}
}

@misc{CinguParam,
    title = {CinguParam},
    howpublished = {\url{https://github.com/CEA-LIST/CinguParam}},
    year = 2019,
    note = {CEA List},
    key = {CP}
}

@misc{FV-NFLlib,
    title = {FV-NFLlib},
    howpublished = {\url{https://github.com/CryptoExperts/FV-NFLlib}},
    year = 2016,
    note = {CryptoExperts},
    key = {NFL}
}

@misc{cryptoeprint:2015:1092,
    author = {Erdem Alkim and Léo Ducas and Thomas Pöppelmann and Peter Schwabe},
    title = {Post-quantum key exchange - a new hope},
    howpublished = {Cryptology ePrint Archive, Report 2015/1092},
    year = {2015},
    note = {\url{https://eprint.iacr.org/2015/1092}},
}
    
@techreport{HomomorphicEncryptionSecurityStandard,
 author = {Melissa Chase and Hao Chen and Jintai Ding and Shafi Goldwasser and Sergey Gorbunov and Jeffrey Hoffstein and Kristin Lauter and Satya Lokam and Dustin Moody and Travis Morrison and Amit Sahai and Vinod Vaikuntanathan},
 title = {Security of Homomorphic Encryption},
 series = {Draft Homomorphic Encryption Standard},
 institution= {HomomorphicEncryption.org},
 publisher = {HomomorphicEncryption.org},
 address = {Redmond WA, USA},
 year = {2017},
 month = {July}
 }
 
 
@misc{cryptoeprint:2015:046,
    author = {Martin R. Albrecht and Rachel Player and Sam Scott},
    title = {On the concrete hardness of Learning with Errors},
    howpublished = {Cryptology ePrint Archive, Report 2015/046},
    year = {2015},
    note = {\url{https://eprint.iacr.org/2015/046}},
}

@misc{sealcrypto,
    title = {{M}icrosoft {SEAL} (release 3.3)},
    howpublished = {\url{https://github.com/Microsoft/SEAL}},
    month = june,
    year = 2019,
    note = {Microsoft Research, Redmond, WA.},
    key = {SEAL}
}
